<?xml version="1.0" encoding="UTF-8"?>
<record>
  <leader>00836ngm#a2200265#c#4500</leader>
  <controlfield tag="005">20230210063632.0</controlfield>
  <controlfield tag="007">tu</controlfield>
  <controlfield tag="007">vf#||||||</controlfield>
  <controlfield tag="008">110411|1967####xx#|||############v|eng#c</controlfield>
  <controlfield tag="003">DE-605</controlfield>
  <controlfield tag="001">990185607520206441</controlfield>
  <datafield tag="016" ind1="7" ind2=" ">
    <subfield code="a">1074092439</subfield>
    <subfield code="2">OCoLC</subfield>
  </datafield>
  <datafield tag="035" ind1=" " ind2=" ">
    <subfield code="a">(DE-605)TT003059252</subfield>
  </datafield>
  <datafield tag="040" ind1=" " ind2=" ">
    <subfield code="a">5/Inst</subfield>
    <subfield code="b">ger</subfield>
    <subfield code="c">5/Inst</subfield>
    <subfield code="e">rakwb</subfield>
  </datafield>
  <datafield tag="041" ind1=" " ind2=" ">
    <subfield code="a">eng</subfield>
  </datafield>
  <datafield tag="245" ind1="0" ind2="0">
    <subfield code="a">&lt;&lt;The&gt;&gt; Beatles</subfield>
    <subfield code="h">Bildtonträger</subfield>
    <subfield code="b">Magical Mystery Tour</subfield>
    <subfield code="c">The Beatles. Produced and Directed by The Beatles.</subfield>
  </datafield>
  <datafield tag="264" ind1=" " ind2="1">
    <subfield code="a">s.l.</subfield>
    <subfield code="b">Apple Films</subfield>
    <subfield code="c">1967</subfield>
  </datafield>
  <datafield tag="300" ind1=" " ind2=" ">
    <subfield code="a">1 Video (VHS, 55 min.) : farb.; stereo</subfield>
  </datafield>
  <datafield tag="035" ind1=" " ind2=" ">
    <subfield code="a">(OCoLC)1074092439</subfield>
  </datafield>
  <datafield tag="961" ind1=" " ind2=" ">
    <subfield code="a">3984 25148-3</subfield>
  </datafield>
  <datafield tag="964" ind1="0" ind2="s">
    <subfield code="F">030</subfield>
    <subfield code="A">a|1uc||||||37</subfield>
  </datafield>
  <datafield tag="964" ind1="0" ind2="s">
    <subfield code="F">050</subfield>
    <subfield code="A">a||||ca|||||||</subfield>
  </datafield>
  <datafield tag="964" ind1="0" ind2="s">
    <subfield code="F">051</subfield>
    <subfield code="A">m|||||||</subfield>
  </datafield>
  <datafield tag="710" ind1="2" ind2=" ">
    <subfield code="a">&lt;&lt;The&gt;&gt; Beatles</subfield>
    <subfield code="g">Musikgruppe</subfield>
    <subfield code="0">(DE-588)2005535-3</subfield>
    <subfield code="4">oth</subfield>
    <subfield code="B">GND-004657950</subfield>
  </datafield>
  <datafield tag="500" ind1=" " ind2=" ">
    <subfield code="a">Engl. Original mit dt. Untertiteln</subfield>
    <subfield code="9">F:501</subfield>
  </datafield>
  <datafield tag="MBD" ind1=" " ind2=" ">
    <subfield code="M">49HBZ_NETWORK</subfield>
    <subfield code="i">990185607520206441</subfield>
    <subfield code="n">HBZ Network</subfield>
  </datafield>
  <datafield tag="MBD" ind1=" " ind2=" ">
    <subfield code="M">49HBZ_ULB</subfield>
    <subfield code="i">991000341469706467</subfield>
    <subfield code="n">Universitaet Bonn</subfield>
  </datafield>
  <datafield tag="MNG" ind1=" " ind2=" ">
    <subfield code="c">System</subfield>
    <subfield code="f">ILS</subfield>
    <subfield code="i">marc21</subfield>
    <subfield code="k">01</subfield>
    <subfield code="e">false</subfield>
    <subfield code="d">2023-02-10 06:36:32 Europe/Berlin</subfield>
    <subfield code="g">018560752-HBZ01</subfield>
    <subfield code="j">60</subfield>
    <subfield code="a">import</subfield>
    <subfield code="b">2021-04-05 20:38:10 Europe/Berlin</subfield>
  </datafield>
  <datafield tag="H52" ind1="#" ind2=" ">
    <subfield code="b">SM</subfield>
    <subfield code="c">SM-Frei</subfield>
    <subfield code="h">9/041</subfield>
    <subfield code="8">22213211160006467</subfield>
  </datafield>
  <datafield tag="HOL" ind1=" " ind2=" ">
    <subfield code="b">2023-07-24 06:11:03</subfield>
    <subfield code="8">22213211160006467</subfield>
    <subfield code="M">49HBZ_ULB</subfield>
    <subfield code="g">false</subfield>
    <subfield code="a">import</subfield>
  </datafield>
  <datafield tag="ITM" ind1=" " ind2=" ">
    <subfield code="H">22213211160006467</subfield>
    <subfield code="x">SM-Frei</subfield>
    <subfield code="f">BOOK</subfield>
    <subfield code="v">SM-Frei</subfield>
    <subfield code="X">AMO_TL2_FIX</subfield>
    <subfield code="U">2023-07-23 12:59:00 Europe/Berlin</subfield>
    <subfield code="Y">2023-07-25 08:01:39 Europe/Berlin</subfield>
    <subfield code="h">false</subfield>
    <subfield code="n">9/041</subfield>
    <subfield code="G">1</subfield>
    <subfield code="M">49HBZ_ULB</subfield>
    <subfield code="s">1</subfield>
    <subfield code="d">#</subfield>
    <subfield code="V">import</subfield>
    <subfield code="L">02-V-002</subfield>
    <subfield code="b">SM-007284</subfield>
    <subfield code="O">SISIS-Ausleihzähler Migrationsjahr: 0 | SISIS-Ausleihzähler Vor-Migrationsjahr: 0 | SISIS-Ausleihzähler vorletztes Migrationsjahr: 0 | SISIS-Vormerkzähler Migrationsjahr: 0 | SISIS-Buchdaten-Aufnahmedatum: 2011-07-12</subfield>
    <subfield code="N">SISIS-ULBSystematik: 0 | SISIS-Magazindrucker: 0 | SISIS-Fernleihkonditionen: 3 | SISIS-Medientyp: 0 | Sigel: 5/58 | SISIS-Entleihbarkeit: X | SISIS-Zweigstelle: 42</subfield>
    <subfield code="a">23213211150006467</subfield>
    <subfield code="c">9/041</subfield>
    <subfield code="W">2023-07-24 08:11:03 Europe/Berlin</subfield>
    <subfield code="u">SM</subfield>
    <subfield code="w">SM</subfield>
  </datafield>
  <datafield tag="GKT" ind1="2" ind2=" ">
    <subfield code="a">&lt;&lt;The&gt;&gt; Beatles</subfield>
    <subfield code="4">nauv</subfield>
    <subfield code="i">Unveraenderte Form</subfield>
    <subfield code="A">GND</subfield>
    <subfield code="B">GND-004657950</subfield>
    <subfield code="C">410</subfield>
  </datafield>
  <datafield tag="GKT" ind1="2" ind2=" ">
    <subfield code="a">Bitels</subfield>
    <subfield code="g">Musikgruppe</subfield>
    <subfield code="A">GND</subfield>
    <subfield code="B">GND-004657950</subfield>
    <subfield code="C">410</subfield>
  </datafield>
  <datafield tag="GKT" ind1="2" ind2=" ">
    <subfield code="a">Biituls</subfield>
    <subfield code="g">Musikgruppe</subfield>
    <subfield code="A">GND</subfield>
    <subfield code="B">GND-004657950</subfield>
    <subfield code="C">410</subfield>
  </datafield>
  <datafield tag="GKT" ind1="2" ind2=" ">
    <subfield code="a">Bitlz</subfield>
    <subfield code="g">Musikgruppe</subfield>
    <subfield code="A">GND</subfield>
    <subfield code="B">GND-004657950</subfield>
    <subfield code="C">410</subfield>
  </datafield>
  <datafield tag="GSI" ind1="7" ind2=" ">
    <subfield code="a">2005535-3</subfield>
    <subfield code="0">http://d-nb.info/gnd/2005535-3</subfield>
    <subfield code="2">gnd</subfield>
    <subfield code="A">GND</subfield>
    <subfield code="B">GND-004657950</subfield>
    <subfield code="C">024</subfield>
  </datafield>
</record>
